<?xml version="1.0" encoding="UTF-8"?><collection xmlns="http://www.loc.gov/MARC21/slim"><record><leader>00357nam--2200133-i-4500</leader><controlfield tag="001">000013673</controlfield><controlfield tag="002">20161230</controlfield><controlfield tag="005">20161230201030</controlfield><controlfield tag="008">060222s1000------------r-----000-0-eng-d</controlfield><datafield ind1=" " ind2=" " tag="080"><subfield code="a">778.3:77</subfield></datafield><datafield ind1=" " ind2=" " tag="100"><subfield code="a">Blaker, Alfred A</subfield></datafield><datafield ind1=" " ind2=" " tag="245"><subfield code="a">Handbook for scientific photography</subfield></datafield><datafield ind1=" " ind2=" " tag="260"><subfield code="a">San Francisco, W.H. Freeman And Company, 1977. Xxii + 319 P</subfield></datafield><datafield ind1=" " ind2=" " tag="852"><subfield code="a">49195</subfield></datafield></record></collection>